@article{survey_llm_t2sql_liu2025,
  title={A Survey of Text-to-SQL in the Era of Large Language Models},
  author={Liu, Ziyu and Zhang, Yu and Li, Meng and others},
  journal={arXiv preprint arXiv:2408.05109},
  year={2025}
}

@article{survey_llm_t2sql_huang2025,
  title={Exploring the Landscape of Text-to-SQL with Large Language Models: Progresses, Challenges and Opportunities},
  author={Huang, Yuxuan and Dong, Xin and Zhang, Jiayi and others},
  journal={arXiv preprint arXiv:2505.23838},
  year={2025}
}

@article{bird,
  title={BIRD: A Benchmark for Cross-Domain Text-to-SQL with Execution Accuracy and Efficiency},
  author={Li, Tao and Zhang, Jingfeng and others},
  journal={arXiv preprint arXiv:2305.03111},
  year={2023}
}

@article{omnisql,
  title={OmniSQL: Universal and Unified Text-to-SQL Benchmarking},
  author={Yu, Yuwen and others},
  journal={arXiv preprint arXiv:2503.02240},
  year={2025}
}

@article{refsql,
  title={ReFSQL: Retrieval-Augmented Fine-Tuning for Text-to-SQL},
  author={Li, Yunchang and others},
  journal={arXiv preprint arXiv:2403.09529},
  year={2024}
}

@article{sqlfuse,
  title={SQL-Fuse: Fine-tuning and Retrieval Fusion for Text-to-SQL},
  author={Feng, Yuhan and others},
  journal={arXiv preprint arXiv:2407.11612},
  year={2024}
}

@article{grafix_t5,
  title={GraFix-T5: Graph-Augmented Fine-Tuning for Text-to-SQL},
  author={Zheng, Yining and others},
  journal={arXiv preprint arXiv:2408.08971},
  year={2024}
}

@article{opensql,
  title={OpenSQL: Democratizing Text-to-SQL with Large Language Models},
  author={Zhao, Weijia and others},
  journal={arXiv preprint arXiv:2407.02248},
  year={2024}
}

@article{spatial_rag,
  title={SpatialRAG: Retrieval-Augmented Spatial Reasoning with LLMs},
  author={Zhou, Kai and others},
  journal={arXiv preprint arXiv:2406.01437},
  year={2024}
}

@article{wang_spatial_ijgi,
  title={GPT-Based Text-to-SQL for Spatial Databases},
  author={Wang, Hui and others},
  journal={ISPRS International Journal of Geo-Information},
  volume={14},
  number={8},
  pages={288},
  year={2025},
  publisher={MDPI}
}

@inproceedings{opencity,
  title={OpenCity: An Open-Source Platform for Urban Simulation and Planning},
  author={Zhou, Min and others},
  booktitle={Proceedings of the ACM SIGSPATIAL},
  year={2024}
}

@inproceedings{cityleo,
  title={CityLeo: A Large Language Model-Enhanced Urban Data Platform},
  author={Zhang, Lei and others},
  booktitle={Proceedings of the IEEE BigData},
  year={2024}
}

@inproceedings{irnet,
  title={IRNet: Incorporating Schema Linking into Intermediate Representations for Text-to-SQL},
  author={Guo, Jiaqi and others},
  booktitle={Proceedings of ACL},
  year={2019}
}
@article{gao2024text,
  title={Text-to-SQL Empowered by Large Language Models: A Benchmark Evaluation},
  author={Gao, Dawei and Wang, Haibin and Li, Yaliang and Sun, Xiuyu and Qian, Yichen and Ding, Bolin and Zhou, Jingren},
  journal={Proceedings of the VLDB Endowment},
  volume={17},
  number={5},
  pages={1132--1145},
  year={2024}
}

@article{dettmers2023qlora,
  title={QLoRA: Efficient Finetuning of Quantized LLMs},
  author={Dettmers, Tim and Pagnoni, Artidoro and Holtzman, Ari and Zettlemoyer, Luke},
  journal={Advances in Neural Information Processing Systems},
  volume={36},
  year={2023}
}